<record xmlns="http://www.loc.gov/MARC21/slim" xmlns:xsi="http://www.w3.org/2001/XMLSchema-instance" xsi:schemaLocation="http://www.loc.gov/MARC21/slim http://www.loc.gov/standards/marcxml/schema/MARC21slim.xsd"><leader>     nam a22        4500</leader><controlfield tag="001">3071924</controlfield><controlfield tag="003">NNC</controlfield><controlfield tag="006">m        d        </controlfield><controlfield tag="007">cr cn |||m|||a</controlfield><controlfield tag="008">150601s1907    ua      o     000 0 ara d</controlfield><datafield ind1=" " ind2=" " tag="040"><subfield code="a">NNU</subfield><subfield code="b">eng</subfield><subfield code="e">rda</subfield><subfield code="c">NNU</subfield></datafield><datafield ind1=" " ind2="4" tag="050"><subfield code="a">BP166.93</subfield><subfield code="b">.B37 1907</subfield></datafield><datafield ind1="1" ind2=" " tag="100"><subfield code="6">880-01</subfield><subfield code="a">Barzanji&#772;, Muh&#803;ammad ibn &#699;Abd al-Rasu&#772;l,</subfield><subfield code="d">1630 or 1631-1691 or 1692.</subfield></datafield><datafield ind1="1" ind2="0" tag="245"><subfield code="6">880-02</subfield><subfield code="a">Kita&#772;b al-isha&#772;&#699;ah li-ashara&#772;t&#803; al-sa&#772;&#699;ah.</subfield></datafield><datafield ind1=" " ind2=" " tag="260"><subfield code="6">880-03</subfield><subfield code="a">al-Qa&#772;hirah :</subfield><subfield code="b">Mat&#803;ba&#699;at al-Sa&#699;a&#772;dah,</subfield><subfield code="c">1907.</subfield></datafield><datafield ind1=" " ind2=" " tag="300"><subfield code="a">online resource (288, 12 pages)</subfield></datafield><datafield ind1=" " ind2=" " tag="336"><subfield code="a">text</subfield><subfield code="2">rdacontent</subfield></datafield><datafield ind1=" " ind2=" " tag="337"><subfield code="a">computer</subfield><subfield code="2">rdamedia</subfield></datafield><datafield ind1=" " ind2=" " tag="338"><subfield code="a">online resource</subfield><subfield code="2">rdacarrier</subfield></datafield><datafield ind1=" " ind2=" " tag="500"><subfield code="a">Edited by Muh&#803;ammad Badr al-Di&#772;n al-Na&#699;sa&#772;ni&#772;.</subfield></datafield><datafield ind1=" " ind2=" " tag="500"><subfield code="a">Part of the Arabic Collections Online (ACO) project, contributed by Columbia University Libraries.</subfield></datafield><datafield ind1=" " ind2=" " tag="533"><subfield code="a">Electronic reproduction.</subfield><subfield code="b">New York, N.Y. :</subfield><subfield code="c">New York University,</subfield><subfield code="d">2015.</subfield><subfield code="5">NNU</subfield></datafield><datafield ind1=" " ind2="0" tag="650"><subfield code="a">Islamic eschatology</subfield><subfield code="v">Early works to 1800.</subfield></datafield><datafield ind1=" " ind2="0" tag="650"><subfield code="a">Judgment Day (Islam)</subfield><subfield code="v">Early works to 1800.</subfield></datafield><datafield ind1=" " ind2="0" tag="650"><subfield code="a">Mahdism</subfield><subfield code="v">Early works to 1800.</subfield></datafield><datafield ind1=" " ind2="7" tag="650"><subfield code="a">Islamic eschatology.</subfield><subfield code="2">fast</subfield><subfield code="0">(OCoLC)fst01730321</subfield></datafield><datafield ind1=" " ind2="7" tag="650"><subfield code="a">Judgment Day (Islam)</subfield><subfield code="2">fast</subfield><subfield code="0">(OCoLC)fst00984597</subfield></datafield><datafield ind1=" " ind2="7" tag="650"><subfield code="a">Mahdism.</subfield><subfield code="2">fast</subfield><subfield code="0">(OCoLC)fst01005990</subfield></datafield><datafield ind1=" " ind2="7" tag="655"><subfield code="a">Early works.</subfield><subfield code="2">fast</subfield><subfield code="0">(OCoLC)fst01411636</subfield></datafield><datafield ind1="2" ind2=" " tag="710"><subfield code="a">Columbia University.</subfield><subfield code="b">Libraries.</subfield></datafield><datafield ind1="0" ind2=" " tag="730"><subfield code="a">Arabic Collections Online.</subfield></datafield><datafield ind1="0" ind2="8" tag="776"><subfield code="i">Print version:</subfield><subfield code="a">Barzanji&#772;, Muh&#803;ammad ibn &#699;Abd al-Rasu&#772;l, 1630 or 1631-1691 or 1692.</subfield><subfield code="t">Kita&#772;b al-isha&#772;&#699;ah li-ashara&#772;t&#803; al-sa&#772;&#699;ah</subfield><subfield code="w">(NNC)3071924</subfield><subfield code="w">(OCoLC)47826755</subfield></datafield><datafield ind1="4" ind2="0" tag="856"><subfield code="u">http://hdl.handle.net/2333.1/5tb2rf0m</subfield></datafield><datafield ind1="1" ind2=" " tag="880"><subfield code="6">100-01/r</subfield><subfield code="a">&#1576;&#1585;&#1586;&#1606;&#1580;&#1610;&#1548; &#1605;&#1581;&#1605;&#1583; &#1576;&#1606; &#1593;&#1576;&#1583; &#1575;&#1604;&#1585;&#1587;&#1608;&#1604;&#1548; </subfield><subfield code="d">1630 or 1631-1691 or 1692.</subfield></datafield><datafield ind1="1" ind2="0" tag="880"><subfield code="6">245-02/r</subfield><subfield code="a">&#1603;&#1578;&#1575;&#1576; &#1575;&#1604;&#1575;&#1588;&#1575;&#1593;&#1577; &#1604;&#1575;&#1588;&#1585;&#1575;&#1591; &#1575;&#1604;&#1587;&#1575;&#1593;&#1577;.</subfield></datafield><datafield ind1=" " ind2=" " tag="880"><subfield code="6">260-03/r</subfield><subfield code="a">&#1575;&#1604;&#1602;&#1575;&#1607;&#1585;&#1577; :</subfield><subfield code="b">&#1605;&#1591;&#1576;&#1593;&#1577; &#1575;&#1604;&#1587;&#1593;&#1575;&#1583;&#1577;&#1548;</subfield><subfield code="c">1907.</subfield></datafield><datafield ind1=" " ind2=" " tag="959"><subfield code="a">NNU</subfield><subfield code="b">WEB</subfield><subfield code="c">GENI</subfield><subfield code="t">0</subfield><subfield code="m">Electronic access</subfield><subfield code="s">01</subfield></datafield><datafield ind1=" " ind2=" " tag="999"><subfield code="i">NNC_3071924</subfield><subfield code="o">(OCoLC)ocm47826755</subfield><subfield code="s">columbia_aco000544</subfield><subfield code="e">(ERROR-880)</subfield><subfield code="s">columbia_aco000544</subfield></datafield></record>